@online{ref:std,
  author = {Cern},
  title = {The Standard Model},
  year = 2015,
  url = {http://home.cern/about/physics/standard-model},
  urldate = {2015-12}
}

@online{ref:modelsim,
  author = {Mentor Graphics},
  title = {ModelSim - Leading Simulation and Debugging},
  year = 2015,
  url = {https://www.mentor.com/products/fpga/model/},
  urldate = {2015-12}
}

@online{ref:quartus,
  author = {Altera},
  title = {Quartus Prime Software},
  year = 2015,
  url = {https://www.altera.com/products/design-software/fpga-design/quartus-prime/overview.html},
  urldate = {2015-12}
}

@BOOK{ref:stockastic_physics,
  title = {Stochastic Processes for Physicists - Understanding Noisy Systems},
  publisher = {Cambridge University Press},
  year = {2010},
  author = {Kurt Jacobs},
  ISBN = {9780521765428}
}

@techreport{velo_design_report,
      author        = "LHCb Collaboration",
      title         = "{LHCb VELO Upgrade Technical Design Report}",
      institution   = "CERN",
      address       = "Geneva",
      number        = "CERN-LHCC-2013-021. LHCB-TDR-013",
      month         = "Nov",
      year          = "2013",
      reportNumber  = "CERN-LHCC-2013-021",
      url           = "https://cds.cern.ch/record/1624070",
}

@online{velo_web,
  author={CERN},
  title={LHCb VELO Project},
  year = 2015,
  url={http://lhcb-vd.web.cern.ch/lhcb-vd/html/project.htm},
  urldata={2016-01},
}

@ARTICLE{fpga,
journal={Design Test of Computers, IEEE}, 
title={Toward FPGA-Enabled Scientific Computing}, 
year={2011}, 
volume={28}, 
number={4}, 
pages={4-4}, 
keywords={FPGA accelerators;cyberphysical;design and test;logic cores;scientific computing}, 
doi={10.1109/MDT.2011.91}, 
ISSN={0740-7475}, 
month={July},}


